
Distance Makes the Types Grow Stronger by Jason Reed and Benjamin C. Pierce
@inproceedings{conf/icfp/ReedP10,
  added-at = {2010-10-08T00:00:00.000+0200},
  author = {Reed, Jason and Pierce, Benjamin C.},
  biburl = {http://www.bibsonomy.org/bibtex/23d15a14dc8b093d85bdbc6f6633b6a4d/dblp},
  booktitle = {ICFP},
  crossref = {conf/icfp/2010},
  editor = {Hudak, Paul and Weirich, Stephanie},
  ee = {http://doi.acm.org/10.1145/1863543.1863568},
  interhash = {892df0d383aab73475c86e7ac1a790c0},
  intrahash = {3d15a14dc8b093d85bdbc6f6633b6a4d},
  isbn = {978-1-60558-794-3},
  keywords = {dblp},
  pages = {157-168},
  publisher = {ACM},
  timestamp = {2010-10-09T11:31:59.000+0200},
  title = {Distance makes the types grow stronger: a calculus for differential privacy.},
  url = {http://dblp.uni-trier.de/db/conf/icfp/icfp2010.html#ReedP10},
  year = 2010
}

Differential Privacy Under Fire (Fuzz Paper) by Andreas Haeberlen, Benjamin C. Pierce, Arjun Narayan
@inproceedings{conf/uss/HaeberlenPN11,
  added-at = {2012-03-20T00:00:00.000+0100},
  author = {Haeberlen, Andreas and Pierce, Benjamin C. and Narayan, Arjun},
  biburl = {http://www.bibsonomy.org/bibtex/2937acc53faf9af12a9437a2a603f4ebc/dblp},
  booktitle = {USENIX Security Symposium},
  crossref = {conf/uss/2011},
  ee = {http://static.usenix.org/events/sec11/tech/full_papers/Haeberlen.pdf},
  interhash = {164ea82a75b0603d2c2a18f8de457f75},
  intrahash = {937acc53faf9af12a9437a2a603f4ebc},
  keywords = {dblp},
  publisher = {USENIX Association},
  timestamp = {2015-04-28T13:56:13.000+0200},
  title = {Differential Privacy Under Fire.},
  url = {http://dblp.uni-trier.de/db/conf/uss/uss2011.html#HaeberlenPN11},
  year = 2011
}

Linear Dependent Types for Differential Privacy (DFuzz Paper) by Marco Gaboardi, Andreas Haeberlen, Justin Hsu, Arjun Narayan and Benjamin C. Pierce
@inproceedings{conf/popl/GaboardiHHNP13,
  added-at = {2013-01-18T00:00:00.000+0100},
  author = {Gaboardi, Marco and Haeberlen, Andreas and Hsu, Justin and Narayan, Arjun and Pierce, Benjamin C.},
  biburl = {http://www.bibsonomy.org/bibtex/2d23bf78b2fcf973843d809b1d32fc2c6/dblp},
  booktitle = {POPL},
  crossref = {conf/popl/2013},
  editor = {Giacobazzi, Roberto and Cousot, Radhia},
  ee = {http://doi.acm.org/10.1145/2429069.2429113},
  interhash = {102db144609608ed6cbc0f9cb3d231c5},
  intrahash = {d23bf78b2fcf973843d809b1d32fc2c6},
  isbn = {978-1-4503-1832-7},
  keywords = {dblp},
  pages = {357-370},
  publisher = {ACM},
  timestamp = {2013-01-19T11:35:14.000+0100},
  title = {Linear dependent types for differential privacy.},
  url = {http://dblp.uni-trier.de/db/conf/popl/popl2013.html#GaboardiHHNP13},
  year = 2013
}

A firm foundation for private data analysis by Cynthia Dwork
@article{journals/cacm/Dwork11,
  added-at = {2011-01-05T00:00:00.000+0100},
  author = {Dwork, Cynthia},
  biburl = {http://www.bibsonomy.org/bibtex/2241404b9b9e5e401be82bb4fa0346581/dblp},
  ee = {http://doi.acm.org/10.1145/1866739.1866758},
  interhash = {f24de0ab938ac9b18e5cf88a2a243034},
  intrahash = {241404b9b9e5e401be82bb4fa0346581},
  journal = {Commun. ACM},
  keywords = {dblp},
  number = 1,
  pages = {86-95},
  timestamp = {2011-01-06T11:32:42.000+0100},
  title = {A firm foundation for private data analysis.},
  url = {http://dblp.uni-trier.de/db/journals/cacm/cacm54.html#Dwork11},
  volume = 54,
  year = 2011
}

Differential Privacy: Now it’s Getting Personal by Hamid Ebadi, David Sands, and Gerardo Schneider
@inproceedings{conf/popl/EbadiSS15,
  added-at = {2014-12-20T00:00:00.000+0100},
  author = {Ebadi, Hamid and Sands, David and Schneider, Gerardo},
  biburl = {http://www.bibsonomy.org/bibtex/2eaade5168ddc8da6c7367ecb79b0a35a/dblp},
  booktitle = {POPL},
  crossref = {conf/popl/2015},
  editor = {Rajamani, Sriram K. and Walker, David},
  ee = {http://doi.acm.org/10.1145/2676726.2677005},
  interhash = {bddb70a43764144e01fe72ddfc04200c},
  intrahash = {eaade5168ddc8da6c7367ecb79b0a35a},
  isbn = {978-1-4503-3300-9},
  keywords = {dblp},
  pages = {69-81},
  publisher = {ACM},
  timestamp = {2015-04-28T07:06:40.000+0200},
  title = {Differential Privacy: Now it's Getting Personal.},
  url = {http://dblp.uni-trier.de/db/conf/popl/popl2015.html#EbadiSS15},
  year = 2015
}

Privacy Integrated Queries: An Extensible Platform for Privacy-Preserving Data Analysis by Frank McSherry
@inproceedings{conf/sigmod/McSherry09,
  added-at = {2009-07-01T00:00:00.000+0200},
  author = {McSherry, Frank},
  biburl = {http://www.bibsonomy.org/bibtex/297a161b9a4d7c230b5fee921d7dd6752/dblp},
  booktitle = {SIGMOD Conference},
  crossref = {conf/sigmod/2009},
  date = {2009-07-01},
  description = {dblp},
  editor = {Çetintemel, Ugur and Zdonik, Stanley B. and Kossmann, Donald and Tatbul, Nesime},
  ee = {http://doi.acm.org/10.1145/1559845.1559850},
  interhash = {286142e11448595e1b0162e8cc3f0f29},
  intrahash = {97a161b9a4d7c230b5fee921d7dd6752},
  isbn = {978-1-60558-551-2},
  keywords = {dblp},
  pages = {19-30},
  publisher = {ACM},
  timestamp = {2009-07-16T14:49:52.000+0200},
  title = {Privacy integrated queries: an extensible platform for privacy-preserving data analysis.},
  url = {http://dblp.uni-trier.de/db/conf/sigmod/sigmod2009.html#McSherry09},
  year = 2009
}

Verifiable Differential Privacy by Arjun Narayan, Ariel Feldman, Antonis Papadimitriou, and Andreas Haeberlen
@inproceedings{conf/eurosys/NarayanFPH15,
  added-at = {2015-04-12T00:00:00.000+0200},
  author = {Narayan, Arjun and Feldman, Ariel and Papadimitriou, Antonis and Haeberlen, Andreas},
  biburl = {http://www.bibsonomy.org/bibtex/29cb6aa769e218d02893967859bcbb4af/dblp},
  booktitle = {EuroSys},
  crossref = {conf/eurosys/2015},
  editor = {Réveillère, Laurent and 0001, Tim Harris and Herlihy, Maurice},
  ee = {http://doi.acm.org/10.1145/2741948.2741978},
  interhash = {2413922c7e40ac5386fe0dd106597c1c},
  intrahash = {9cb6aa769e218d02893967859bcbb4af},
  isbn = {978-1-4503-3238-5},
  keywords = {dblp},
  pages = 28,
  publisher = {ACM},
  timestamp = {2015-04-28T10:27:28.000+0200},
  title = {Verifiable differential privacy.},
  url = {http://dblp.uni-trier.de/db/conf/eurosys/eurosys2015.html#NarayanFPH15},
  year = 2015
}

Intuitionistic Type Theory by Per Martin-Löf
@book{mlitt,
  added-at = {2010-08-25T08:47:38.000+0200},
  author = {Martin-L\"{o}f, Per},
  biburl = {http://www.bibsonomy.org/bibtex/298ea804e6c4cf74c63ec76728b509baa/miguel.pagano},
  interhash = {81252fdf8c7322e5a2624aa026498a31},
  intrahash = {98ea804e6c4cf74c63ec76728b509baa},
  keywords = {imported},
  publisher = {{Bibliopolis}},
  timestamp = {2010-08-25T08:47:41.000+0200},
  title = {{Intuitionistic Type Theory}},
  year = {{1984}}
}

Idris: A Functional Programming Language with Dependent Types by Finn Teegan

An exercise in dependent types: A well-typed interpreter by Augustsson, L., Carlsson, M.

The Power of Pi by Nicolas Oury and Wouter Swierstra
@inproceedings{OurySwierstra08PowerOfPi,
  acmid = {1411213},
  added-at = {2011-01-06T14:49:28.000+0100},
  address = {New York, NY, USA},
  author = {Oury, Nicolas and Swierstra, Wouter},
  biburl = {http://www.bibsonomy.org/bibtex/2818846cfb9352fea29648feeb9c9ab4b/giuliano.losa},
  booktitle = {Proceeding of the 13th ACM SIGPLAN international conference on Functional programming},
  doi = {http://doi.acm.org/10.1145/1411204.1411213},
  interhash = {fb74645358c4bac102d7c58f67188000},
  intrahash = {818846cfb9352fea29648feeb9c9ab4b},
  isbn = {978-1-59593-919-7},
  keywords = {dependent_types programming},
  location = {Victoria, BC, Canada},
  numpages = {12},
  pages = {39--50},
  publisher = {ACM},
  series = {ICFP '08},
  timestamp = {2011-01-06T14:49:28.000+0100},
  title = {The power of Pi},
  url = {http://doi.acm.org/10.1145/1411204.1411213},
  year = 2008
}

The Lambda Abroad: A functional approach to software components by Daniel Johannes and Pieter Leijen

Generic multiset programming with discrimination-based joins and symbolic Cartesian products by Fritz Henglein and Ken Friis Larsen
@article{journals/lisp/HengleinL10,
  added-at = {2011-12-09T00:00:00.000+0100},
  author = {Henglein, Fritz and Larsen, Ken Friis},
  biburl = {http://www.bibsonomy.org/bibtex/2da12b137a72d35c18ade1ed660b84f35/dblp},
  ee = {http://dx.doi.org/10.1007/s10990-011-9078-8},
  interhash = {efb0ee1fa969f48135d91abedb5669bc},
  intrahash = {da12b137a72d35c18ade1ed660b84f35},
  journal = {Higher-Order and Symbolic Computation},
  keywords = {dblp},
  number = 3,
  pages = {337-370},
  timestamp = {2011-12-10T11:32:38.000+0100},
  title = {Generic multiset programming with discrimination-based joins and symbolic Cartesian products.},
  url = {http://dblp.uni-trier.de/db/journals/lisp/lisp23.html#HengleinL10},
  volume = 23,
  year = 2010
}

Types and Programming Languages by Benjamin C. Pierce
@book{books/daglib/0005958,
  added-at = {2011-02-03T00:00:00.000+0100},
  author = {Pierce, Benjamin C.},
  biburl = {http://www.bibsonomy.org/bibtex/2bfcdf937bfe3b6d6270d3e50778e839a/dblp},
  interhash = {4d6e4bcf471203882efcef73f6463035},
  intrahash = {bfcdf937bfe3b6d6270d3e50778e839a},
  isbn = {978-0-262-16209-8},
  keywords = {dblp},
  pages = {I-XXI, 1-623},
  publisher = {MIT Press},
  timestamp = {2011-04-29T15:25:53.000+0200},
  title = {Types and programming languages.},
  year = 2002
}

Modular Domain Specific Languages and Tools by Paul Hudak
@inproceedings{hudak-modular-dsl-tools-1998,
  added-at = {2014-02-15T17:56:14.000+0100},
  author = {Hudak, Paul},
  biburl = {http://www.bibsonomy.org/bibtex/20dce16edae0e61b0b6cd5b4fc2147512/mhwombat},
  booktitle = {Software Reuse, 1998. Proceedings. Fifth International Conference on},
  interhash = {0a35b0ed9ac2ef3a7dc9ac4e2afe3a45},
  intrahash = {0dce16edae0e61b0b6cd5b4fc2147512},
  keywords = {domain haskell language specific},
  organization = {IEEE},
  pages = {134--142},
  timestamp = {2014-02-15T19:59:55.000+0100},
  title = {Modular domain specific languages and tools},
  year = 1998
}

Idris: Systems programming meets full dependent types
@inproceedings{conf/plpv/Brady11,
  added-at = {2011-02-14T00:00:00.000+0100},
  author = {Brady, Edwin},
  biburl = {http://www.bibsonomy.org/bibtex/2bd3e552951d36406cc208f4c2c044cfe/dblp},
  booktitle = {PLPV},
  crossref = {conf/plpv/2011},
  editor = {Jhala, Ranjit and Swierstra, Wouter},
  ee = {http://doi.acm.org/10.1145/1929529.1929536},
  interhash = {ff03bbd9b73456173cedceba23622962},
  intrahash = {bd3e552951d36406cc208f4c2c044cfe},
  isbn = {978-1-4503-0487-0},
  keywords = {dblp},
  pages = {43-54},
  publisher = {ACM},
  timestamp = {2011-04-29T15:41:47.000+0200},
  title = {IDRIS ---: systems programming meets full dependent types.},
  url = {http://dblp.uni-trier.de/db/conf/plpv/plpv2011.html#Brady11},
  year = 2011
}

A Relational Model of Data for Large Shared Data Banks
@article{codd70,
  added-at = {2011-10-17T12:24:18.000+0200},
  author = {Codd, Edgar Frank},
  biburl = {http://www.bibsonomy.org/bibtex/2eb5f87e84c0234701c3ffee92a333e78/stroeh},
  interhash = {c64b7366f663306a0cf59641ee0b80c8},
  intrahash = {eb5f87e84c0234701c3ffee92a333e78},
  journal = {Commun. ACM},
  keywords = {database relational},
  number = 6,
  pages = {377-387},
  timestamp = {2011-10-17T12:24:18.000+0200},
  title = {A Relational Model of Data for Large Shared Data Banks.},
  url = {http://www.seas.upenn.edu/~zives/03f/cis550/codd.pdf},
  volume = 13,
  year = 1970
}

Composition Attacks and Auxiliary Information in Data Privacy
@inproceedings{ganta2008composition,
  title={Composition attacks and auxiliary information in data privacy},
  author={Ganta, Srivatsava Ranjit and Kasiviswanathan, Shiva Prasad and Smith, Adam},
  booktitle={Proceedings of the 14th ACM SIGKDD international conference on Knowledge discovery and data mining},
  pages={265--273},
  year={2008},
  organization={ACM}
}
